@misc{yau2020did,
      title={What Did You Think Would Happen? Explaining Agent Behaviour Through Intended Outcomes}, 
      author={Herman Yau and Chris Russell and Simon Hadfield},
      year={2020},
      eprint={2011.05064},
      archivePrefix={arXiv},
      primaryClass={cs.AI}
}

@article{Deb2002AFA,
  title={A fast and elitist multiobjective genetic algorithm: NSGA-II},
  author={Kalyanmoy Deb and Samir Agrawal and Amrit Pratap and T. Meyarivan},
  journal={IEEE Trans. Evol. Comput.},
  year={2002},
  volume={6},
  pages={182-197},
  url={https://api.semanticscholar.org/CorpusID:9914171}
}
@misc{sundararajan2017axiomaticattributiondeepnetworks,
      title={Axiomatic Attribution for Deep Networks}, 
      author={Mukund Sundararajan and Ankur Taly and Qiqi Yan},
      year={2017},
      eprint={1703.01365},
      archivePrefix={arXiv},
      primaryClass={cs.LG},
      url={https://arxiv.org/abs/1703.01365}, 
}
@misc{yu2024explainable,
      title={Explainable Reinforcement Learning via a Causal World Model}, 
      author={Zhongwei Yu and Jingqing Ruan and Dengpeng Xing},
      year={2024},
      eprint={2305.02749},
      archivePrefix={arXiv},
      primaryClass={cs.LG}
}
@misc{KAZ,
      title={Knights Archers Zombies}, 
      author={Farama},
      year={2024}
}
@misc{ellis2023smacv2,
      title={SMACv2: An Improved Benchmark for Cooperative Multi-Agent Reinforcement Learning}, 
      author={Benjamin Ellis and Jonathan Cook and Skander Moalla and Mikayel Samvelyan and Mingfei Sun and Anuj Mahajan and Jakob N. Foerster and Shimon Whiteson},
      year={2023},
      eprint={2212.07489},
      archivePrefix={arXiv},
      primaryClass={cs.LG}
}
@article{article,
author = {Silver, David and Huang, Aja and Maddison, Christopher and Guez, Arthur and Sifre, Laurent and Driessche, George and Schrittwieser, Julian and Antonoglou, Ioannis and Panneershelvam, Veda and Lanctot, Marc and Dieleman, Sander and Grewe, Dominik and Nham, John and Kalchbrenner, Nal and Sutskever, Ilya and Lillicrap, Timothy and Leach, Madeleine and Kavukcuoglu, Koray and Graepel, Thore and Hassabis, Demis},
year = {2016},
month = {01},
pages = {484-489},
title = {Mastering the game of Go with deep neural networks and tree search},
volume = {529},
journal = {Nature},
doi = {10.1038/nature16961}
}

@book{Sutton1998,
  added-at = {2019-07-13T10:11:53.000+0200},
  author = {Sutton, Richard S. and Barto, Andrew G.},
  biburl = {https://www.bibsonomy.org/bibtex/2f46601cf8b13d39d1378af0d79438b12/lanteunis},
  edition = {Second},
  interhash = {ac6b144aaec1819919a2fba9f705c852},
  intrahash = {f46601cf8b13d39d1378af0d79438b12},
  keywords = {},
  publisher = {The MIT Press},
  timestamp = {2019-07-13T10:11:53.000+0200},
  title = {Reinforcement Learning: An Introduction},
  url = {http://incompleteideas.net/book/the-book-2nd.html},
  year = {2018 }
}

@misc{zednik2019solving,
      title={Solving the Black Box Problem: A Normative Framework for Explainable Artificial Intelligence}, 
      author={Carlos Zednik},
      year={2019},
      eprint={1903.04361},
      archivePrefix={arXiv},
      primaryClass={cs.GL}
}

@inbook{inbook,
author = {Malle, Bertram},
year = {2001},
month = {04},
pages = {265-286},
title = {Folk Explanations of Intentional Action},
isbn = {9780262278942},
doi = {10.7551/mitpress/3838.003.0019}
}

@misc{tian2018deeptest,
      title={DeepTest: Automated Testing of Deep-Neural-Network-driven Autonomous Cars}, 
      author={Yuchi Tian and Kexin Pei and Suman Jana and Baishakhi Ray},
      year={2018},
      eprint={1708.08559},
      archivePrefix={arXiv},
      primaryClass={cs.SE}
}

@misc{milani2022survey,
      title={A Survey of Explainable Reinforcement Learning}, 
      author={Stephanie Milani and Nicholay Topin and Manuela Veloso and Fei Fang},
      year={2022},
      eprint={2202.08434},
      archivePrefix={arXiv},
      primaryClass={cs.LG}
}

@misc{atrey2020exploratory,
      title={Exploratory Not Explanatory: Counterfactual Analysis of Saliency Maps for Deep Reinforcement Learning}, 
      author={Akanksha Atrey and Kaleigh Clary and David Jensen},
      year={2020},
      eprint={1912.05743},
      archivePrefix={arXiv},
      primaryClass={cs.LG}
}

@misc{patel2024crystalbox,
      title={CrystalBox: Future-Based Explanations for Input-Driven Deep RL Systems}, 
      author={Sagar Patel and Sangeetha Abdu Jyothi and Nina Narodytska},
      year={2024},
      eprint={2302.13483},
      archivePrefix={arXiv},
      primaryClass={cs.LG}
}

@misc{bastani2019verifiable,
      title={Verifiable Reinforcement Learning via Policy Extraction}, 
      author={Osbert Bastani and Yewen Pu and Armando Solar-Lezama},
      year={2019},
      eprint={1805.08328},
      archivePrefix={arXiv},
      primaryClass={cs.LG}
}

@unknown{unknown,
author = {Ruan, Guangchun and Zhong, Haiwang and Zhang, Guanglun and He, Yiliu and Wang, Xuan and Pu, Tianjiao},
year = {2020},
month = {09},
pages = {},
title = {Review of Learning-Assisted Power System Optimization},
doi = {10.36227/techrxiv.12895337}
}

@misc{kroeger2024large,
      title={Are Large Language Models Post Hoc Explainers?}, 
      author={Nicholas Kroeger and Dan Ley and Satyapriya Krishna and Chirag Agarwal and Himabindu Lakkaraju},
      year={2024},
      eprint={2310.05797},
      archivePrefix={arXiv},
      primaryClass={cs.CL}}

@misc{gajcin2024acter,
      title={ACTER: Diverse and Actionable Counterfactual Sequences for Explaining and Diagnosing RL Policies}, 
      author={Jasmina Gajcin and Ivana Dusparic},
      year={2024},
      eprint={2402.06503},
      archivePrefix={arXiv},
      primaryClass={cs.AI}
}

@book{molnar2020,
    author = {Cristoph Molnar},
    title = {Interpretable Machine Learning},
    publisher = {SD Books},
    year = {2020}
}

@misc{vanderlinden2019global,
      title={Global Aggregations of Local Explanations for Black Box models}, 
      author={Ilse van der Linden and Hinda Haned and Evangelos Kanoulas},
      year={2019},
      eprint={1907.03039},
      archivePrefix={arXiv},
      primaryClass={cs.IR}
}

@article{10.1145/3626570.3626607,
author = {Patel, Sagar and Abdu Jyothi, Sangeetha and Narodytska, Nina},
title = {Towards Future-Based Explanations for Deep RL Network Controllers},
year = {2023},
issue_date = {September 2023},
publisher = {Association for Computing Machinery},
address = {New York, NY, USA},
volume = {51},
number = {2},
issn = {0163-5999},
url = {https://doi.org/10.1145/3626570.3626607},
doi = {10.1145/3626570.3626607},
journal = {SIGMETRICS Perform. Eval. Rev.},
month = {oct},
pages = {100â€“102},
numpages = {3}
}
